@article{rust1987optimal,
  title={Optimal replacement of GMC bus engines: An empirical model of Harold Zurcher},
  author={Rust, John},
  journal={Econometrica: Journal of the Econometric Society},
  pages={999--1033},
  year={1987},
  publisher={JSTOR}
}

@article{hotz1993conditional,
  title={Conditional choice probabilities and the estimation of dynamic models},
  author={Hotz, V Joseph and Miller, Robert A},
  journal={The Review of Economic Studies},
  volume={60},
  number={3},
  pages={497--529},
  year={1993},
  publisher={Oxford University Press}
}